%%% Bibliograf√≠a de ejemplo %%%
@book{rabinerlargo,
title={Theory and Applications of Digital Speech Processing},
author={Rabiner, Lawrence R. and Schafer, Ronald W.},
year={1975}
},




